@incollection{NIPS2014_5477,
title = {Neural Word Embedding as Implicit Matrix Factorization},
author = {Levy, Omer and Goldberg, Yoav},
booktitle = {Advances in Neural Information Processing Systems 27},
editor = {Z. Ghahramani and M. Welling and C. Cortes and N. D. Lawrence and K. Q. Weinberger},
pages = {2177--2185},
year = {2014},
publisher = {Curran Associates, Inc.},
url = {http://papers.nips.cc/paper/5477-neural-word-embedding-as-implicit-matrix-factorization.pdf}
}

@proceedings{DBLP:conf/conll/2014,
  editor    = {Roser Morante and
               Wen{-}tau Yih},
  title     = {Proceedings of the Eighteenth Conference on Computational Natural
               Language Learning, CoNLL 2014, Baltimore, Maryland, USA, June 26-27,
               2014},
  publisher = {{ACL}},
  year      = {2014},
  url       = {http://www.aclweb.org/anthology/K/K14/\#2014\_0},
  isbn      = {978-1-941643-02-0},
  timestamp = {Wed, 21 Jan 2015 17:09:07 +0100},
  biburl    = {https://dblp.org/rec/bib/conf/conll/2014},
  bibsource = {dblp computer science bibliography, https://dblp.org}
}

@article{DBLP:journals/tacl/LevyGD15,
  author    = {Omer Levy and
               Yoav Goldberg and
               Ido Dagan},
  title     = {Improving Distributional Similarity with Lessons Learned from Word
               Embeddings},
  journal   = {{TACL}},
  volume    = {3},
  pages     = {211--225},
  year      = {2015},
  url       = {https://tacl2013.cs.columbia.edu/ojs/index.php/tacl/article/view/570},
  timestamp = {Thu, 28 May 2015 10:59:41 +0200},
  biburl    = {https://dblp.org/rec/bib/journals/tacl/LevyGD15},
  bibsource = {dblp computer science bibliography, https://dblp.org}
}

@incollection{NIPS2013_5021,
title = {Distributed Representations of Words and Phrases and their Compositionality},
author = {Mikolov, Tomas and Sutskever, Ilya and Chen, Kai and Corrado, Greg S and Dean, Jeff},
booktitle = {Advances in Neural Information Processing Systems 26},
editor = {C. J. C. Burges and L. Bottou and M. Welling and Z. Ghahramani and K. Q. Weinberger},
pages = {3111--3119},
year = {2013},
publisher = {Curran Associates, Inc.},
url = {http://papers.nips.cc/paper/5021-distributed-representations-of-words-and-phrases-and-their-compositionality.pdf}
}
